@INPROCEEDINGS{Su04aclass,
    author = {Zhendong Su and David Wagner},
    title = {A Class of Polynomially Solvable Range Constraints for Interval Analysis without Widenings and Narrowings},
    booktitle = {In Tools and Algorithms for the Construction and Analysis of Systems},
    year = {2004},
    pages = {280--295}
}
@MISC{Gough94eliminatingrange,
    author = {John Gough and Herbert Klaeren},
    title = {Eliminating Range Checks Using Static Single Assignment Form},
    year = {1994}
}
@article{Cytron,
 author = {Cytron, Ron and Ferrante, Jeanne and Rosen, Barry K. and Wegman, Mark N. and Zadeck, F. Kenneth},
 title = {Efficiently computing static single assignment form and the control dependence graph},
 journal = {ACM Trans. Program. Lang. Syst.},
 issue_date = {Oct. 1991},
 volume = {13},
 number = {4},
 month = oct,
 year = {1991},
 issn = {0164-0925},
 pages = {451--490},
 numpages = {40},
 url = {http://doi.acm.org/10.1145/115372.115320},
 doi = {10.1145/115372.115320},
 acmid = {115320},
 publisher = {ACM},
 address = {New York, NY, USA},
 keywords = {control dependence, control flow graph, def-use chain, dominator, optimizing compilers},
}
@article{BHackettTI,
	author={Brian Hackett and Shu-yu Guo},
	title={Fast and Precise Hybrid Type Inference for JavaScript},
	year={2012}
}

@article{Harrison,
 author = {Harrison, W. H.},
 title = {Compiler Analysis of the Value Ranges for Variables},
 journal = {IEEE Trans. Softw. Eng.},
 issue_date = {May 1977},
 volume = {3},
 number = {3},
 month = may,
 year = {1977},
 issn = {0098-5589},
 pages = {243--250},
 numpages = {8},
 url = {http://dx.doi.org/10.1109/TSE.1977.231133},
 doi = {10.1109/TSE.1977.231133},
 acmid = {1313850},
 publisher = {IEEE Press},
 address = {Piscataway, NJ, USA},
 keywords = {Constant propagation, optimizing compiler, program analysis, proof of correctness, weak interpretation.},
} 

@MISC{Patterson95accuratestatic,
    author = {Jason R. C. Patterson},
    title = {Accurate Static Branch Prediction by Value Range Propagation},
    year = {1995}
}
@book{ECMA-262,
    address = {Geneva, Switzerland},
    author = {International, E. C. M. A.},
    citeulike-article-id = {3292257},
    citeulike-linkout-0 = {http://www.ecma-international.org/publications/standards/Ecma-327.htm},
    edition = {Third},
    keywords = {ecmascript, javascript, programming},
    month = dec,
    posted-at = {2008-09-19 09:19:05},
    priority = {0},
    publisher = {ECMA (European Association for Standardizing Information and Communication Systems)},
    title = {{ECMA-262: ECMAScript Language Specification}},
    url = {http://www.ecma-international.org/publications/standards/Ecma-327.htm},
    year = {1999}
}

@ONLINE{sunspider,
author = {WebKit},
title = {SunSpider JavaScript benchmark},
year = {2010},
url = {http://www.webkit.org/perf/sunspider/sunspider.html}
}
@ONLINE{kraken,
author = {Mozilla},
title = {Kraken JavaScript benchmark},
year = {2010},
url = {http://hg.mozilla.org/projects/kraken/}
}

@ONLINE{v8bench,
author = {Google},
title = {v8bench JavaScript benchmark},
year = {2010},
url = {https://v8.googlecode.com/svn/data/benchmarks/current/revisions.html}
}

@MISC{dvander,
	author={David Anderson},
	title={Personal communication},
	year={2011}
}
